%% This BibTeX bibliography file was created using BibDesk.
%% http://bibdesk.sourceforge.net/


%% Created for Fran√ßois Beauducel at 2014-07-30 19:05:02 +0200 


%% Saved with string encoding Unicode (UTF-8) 


@string{jgr = {J.~Geophys.~Res.}}


@inproceedings{truong2009magis,
	Author = {Truong, F. and Lalanne, X. and Chulliat, A.},
	Booktitle = {Proceedings of the XIIIth IAGA Workshop on Geomagnetic Observatory Instruments, Data Acquisition and Processing, June 9-18 2008, Golden, USA},
	Date-Added = {2014-07-30 17:00:32 +0000},
	Date-Modified = {2014-07-30 17:05:02 +0000},
	Title = {{MAGIS: The information system of IPGP magnetic observatories}},
	Year = {2009}}

@conference{beauducel2002qes,
	Author = {Beauducel, F. and Ant{\'e}nor-Habazac, C.},
	Booktitle = {Observatoires Volcanologiques},
	Date-Added = {2009-02-06 17:59:36 +0100},
	Date-Modified = {2009-02-06 18:01:36 +0100},
	Organization = {Institut de Physique du Globe de Paris},
	Title = {Quelques {\'e}l{\'e}ments d'une surveillance op{\'e}rationnelle...},
	Year = {2002}}

@inproceedings{beauducel2004webovs,
	Author = {Beauducel, F. and Ant{\'e}nor-Habazac, C. and Mallarino, D.},
	Booktitle = {IAVCEI General Assembly, Chile},
	Date-Added = {2014-07-30 16:33:31 +0000},
	Date-Modified = {2014-07-30 16:35:14 +0000},
	Title = {{WEBOVS : Integrated monitoring system interface for volcano observatories}},
	Year = {2004}}

@inproceedings{beauducel2005wim,
	Author = {Beauducel, F. and Ant{\'e}nor-Habazac, C. and D. Mallarino},
	Booktitle = {European Seismological Commission Annual Workshop, Saint-Claude Guadeloupe},
	Date-Added = {2009-02-06 18:04:22 +0100},
	Date-Modified = {2009-02-06 18:49:34 +0100},
	Organization = {IAVCEI / IPGP},
	Title = {{WEBOVS: Integrated monitoring system interface for volcano observatories}},
	Year = {2005}}

@article{beauducel2006sov,
	Author = {Beauducel, F.},
	Date-Added = {2009-02-06 18:08:21 +0100},
	Date-Modified = {2011-05-10 12:44:36 +0200},
	Journal = {G{\'e}osciences BRGM},
	Pages = {64-68},
	Title = {{Surveillance op{\'e}rationnelle des volcans fran{\c c}ais : d{\'e}veloppements r{\'e}cents {\`a} la Guadeloupe}},
	Url = {http://www.ipgp.fr/~beaudu/download/2006_Beauducel_Geosciences.pdf},
	Volume = {4},
	Year = {2006},
	Bdsk-Url-1 = {http://www.ipgp.fr/~beaudu/download/2006_Beauducel_Geosciences.pdf}}

@inproceedings{beauducel2010webobs,
	Author = {Beauducel, F. and A. Bosson and F. Randriamora and C. Ant{\'e}nor-Habazac and A. Lemarchand and J.-M. Saurel and A. Nercessian and M.-P. Bouin and J.-B. de Chabalier and V. Clouard},
	Booktitle = {European Geophysical Union General Assembly, Vienna},
	Date-Added = {2011-02-21 14:15:03 +0100},
	Date-Modified = {2011-02-25 12:43:34 +0100},
	Month = {April},
	Title = {{Recent advances in the Lesser Antilles observatories Part 2 : WebObs - an integrated web-based system for monitoring and networks management}},
	Year = {2010}}
